<?xml version="1.0" encoding="UTF-8" ?>
<record Numero="13967316" format="InterXMarc_Complet" type="Authority">
<leader>00700c0 au2200027   45  <Pos Code="0004">00700</Pos>
<Pos Code="05" Sens="notice modifiée">c</Pos>
<Pos Code="06" Sens="notice validée par les services d&apos;autorité">0</Pos>
<Pos Code="08" Sens="notice d&apos;autorité">a</Pos>
<Pos Code="09" Sens="titre uniforme musical (TUM)">u</Pos>
<Pos Code="10">2</Pos>
<Pos Code="11">2</Pos>
<Pos Code="1216">00027</Pos>
<Pos Code="20">4</Pos>
<Pos Code="21">5</Pos>
</leader>
<controlfield tag="001">FRBNF139673161<Pos Code="0001">FR</Pos>
<Pos Code="0204">BNF</Pos>
<Pos Code="0512">13967316</Pos>
<Pos Code="13">1</Pos>
</controlfield>
<controlfield tag="008">940831110525yy    nc        187.    ?                        1   <Pos Code="0001">94</Pos>
<Pos Code="0203">08</Pos>
<Pos Code="0405">31</Pos>
<Pos Code="0607">11</Pos>
<Pos Code="0809">05</Pos>
<Pos Code="1011">25</Pos>
<Pos Code="1213" Sens="ne s&apos;applique pas">yy</Pos>
<Pos Code="1820">nc </Pos>
<Pos Code="2831">187.</Pos>
<Pos Code="36" Sens="Date incertaine">?</Pos>
<Pos Code="61" Sens="La vedette peut être liée à une notice bibliographique sauf pour l&apos;accès matière RAMEAU">1</Pos>
</controlfield>
<datafield tag="048" ind1=" " ind2=" ">
	<subfield code="a">oa01<Pos Code="0001" Sens="orchestre - orchestre symphonique XIXe-XXe s.">oa</Pos>
<Pos Code="02">0</Pos>
<Pos Code="03">1</Pos>
</subfield>
</datafield>
<datafield tag="100" ind1=" " ind2=" ">
	<subfield code="3">13893514</subfield>
	<subfield code="w"> 0  b     </subfield>
	<subfield code="a">Duparc</subfield>
	<subfield code="m">Henri</subfield>
	<subfield code="d">1848-1933</subfield>
</datafield>
<datafield tag="144" ind1="1" ind2=" ">
	<subfield code="w">....b.fre.</subfield>
	<subfield code="a">Aux étoiles</subfield>
</datafield>
<datafield tag="600" ind1=" " ind2=" ">
	<subfield code="a">Seul extrait subsistant du &quot;Poème nocturne&quot; pour orchestre</subfield>
	<subfield code="a">Date de composition : avant 1874</subfield>
	<subfield code="a">Date de révision : 1910</subfield>
	<subfield code="a">1re exécution : Paris, Société nationale de musique, 11 avril 1874</subfield>
	<subfield code="a">1re éd. : Paris : Rouart et Lerolle, 1911</subfield>
</datafield>
<datafield tag="600" ind1=" " ind2=" ">
	<subfield code="a">Il existe une réduction pour piano à 4 mains par Gustave Samazeuilh (1911)</subfield>
</datafield>
<datafield tag="610" ind1=" " ind2=" ">
	<subfield code="a">Henri Duparc, 1848-1933 : musicien de l&apos;émotion / Michel Fabre, 2001</subfield>
</datafield>
<datafield tag="610" ind1=" " ind2=" ">
	<subfield code="a">Grove music online</subfield>
	<subfield code="u">http://www.oxfordmusiconline.com</subfield>
	<subfield code="d">2011-05-18</subfield>
</datafield>
<datafield tag="917" ind1=" " ind2=" ">
	<subfield code="o">OPC</subfield>
	<subfield code="a">100986340</subfield>
</datafield>
<Attr Nom="IDPerenne">ark:/12148/cb139673168</Attr>
<Attr Nom="NumSource">OPC 100986340</Attr>
<Attr Nom="Source" Sens="BnF catalogue général (depuis 1999)">A</Attr>
<Attr Nom="NumAutoriteLiee">13893514</Attr>
<Attr Nom="DateCreation">31/08/ 1994</Attr>
<Attr Nom="ResponsableCreation">MIGV2</Attr>
<Attr Nom="StructCreation">1</Attr>
<Attr Nom="DateDerniereValidation">25/05/ 2011</Attr>
<Attr Nom="ResponsableDerniereValidation">PUYRENIER FREDERIC</Attr>
<Attr Nom="StructPremiereValidation">1</Attr>
<Attr Nom="DatePremiereValidation">31/08/ 1994</Attr>
<Attr Nom="ResponsablePremiereValidation">MIGV2</Attr>
<Attr Nom="StructDerniereValidation">82</Attr>
</record>
